<?xml version="1.0" encoding="UTF-8"?><collection xmlns="http://www.loc.gov/MARC21/slim"><record><leader>00449nam--2200181-i-4500</leader><controlfield tag="001">000043310</controlfield><controlfield tag="002">20161230</controlfield><controlfield tag="005">20161230201044</controlfield><controlfield tag="008">060222s1000------------r-----000-0-eng-d</controlfield><datafield ind1=" " ind2=" " tag="040"><subfield code="a">IFIN-HH</subfield></datafield><datafield ind1=" " ind2=" " tag="080"><subfield code="a">531</subfield></datafield><datafield ind1="1" ind2=" " tag="100"><subfield code="a">Symon,Keith R</subfield></datafield><datafield ind1="1" ind2="0" tag="245"><subfield code="a">Mechanics</subfield><subfield code="c">Keith R. Symon</subfield></datafield><datafield ind1=" " ind2=" " tag="250"><subfield code="a">Second Editiion</subfield></datafield><datafield ind1=" " ind2=" " tag="260"><subfield code="a">Reading/Mass.,Addison-wesley Publ.Co.,1967</subfield></datafield><datafield ind1=" " ind2=" " tag="300"><subfield code="a">XIV + 557 P</subfield></datafield><datafield ind1=" " ind2=" " tag="852"><subfield code="a">27743</subfield><subfield code="c">531</subfield></datafield><datafield ind1=" " ind2=" " tag="CAT"><subfield code="a">Sys</subfield><subfield code="c">20100623</subfield><subfield code="h">115005</subfield></datafield></record></collection>